@book{gc-handbook,
   author = "Richard Jones, Antony Hosking and Eliot Moss",
   publisher = "CRC Press",
   title = "The Garbage Collection Handbook",
   year = "2023",
   edition = "2nd edition",
   keywords  = "programming,gc"
}

@online{shenandoahoverview,
    author    = "Francisco De Melo Junior",
    title     = "A beginner's guide to the Shenandoah garbage collector",
    url       = "https://developers.redhat.com/articles/2024/05/28/beginners-guide-shenandoah-garbage-collector#",
    keywords  = "gc,java,perfomance",
    urldate = {2025-01-30},
}

@online{pythonoverview,
    author    = "Python Software Foundation",
    title     = "gc â€” Garbage Collector interface",
    url       = "https://docs.python.org/3/library/gc.html",
    keywords  = "gc,python",
    urldate = {2025-01-31},
}

@online{oraclegc,
    author    = "Oracle",
    title     = "Java Platform, Standard Edition HotSpot Virtual Machine Garbage Collection Tuning Guide, Release 21",
    url       = "https://docs.oracle.com/en/java/javase/21/gctuning/index.html#GUID-6C8D4E24-A580-4FEA-82F0-FE610057DD15",
    keywords  = "gc,jvm",
    urldate = {2025-01-31},
}

@online{gogcguide,
    author    = "Google",
    title     = "A Guide to the Go Garbage Collector",
    url       = "https://tip.golang.org/doc/gc-guide#Additional_notes_on_GOGC",
    keywords  = "gc,golang",
    urldate = {2025-01-31},
}

@online{clrgc,
    author    = "Microsoft Learn",
    title     = "Garbage collection",
    url       = "https://learn.microsoft.com/en-us/dotnet/standard/garbage-collection/",
    keywords  = "dot-net,c-sharp,gc",
    urldate = {2025-01-31},
}